@article{mainpaper,
  title = {Hailstorm: Disaggregated Compute and Storage for Distributed LSM-based Databases},
  author = {Laurent Bindschaedler, Ashvin Goel, Willy Zwaenepoel},
  journal = {ASPLOS’20},
  year = {2020},
  month = {March},
  pages = {301–316}
}
@misc{mongodb,
  title        = {MongoDB},
  howpublished = {\url{https://www.mongodb.com/}}
}
@misc{tidb,
  author       = {PingCAP},
  title        = {TiDB},
  howpublished = {\url{https://pingcap.com/}},
}
@misc{RocksDB_compaction_algo1,
  author       = {RocksDB},
  title        = {Overview of Compaction algorithm},
  howpublished = {\url{https://github.com/facebook/rocksdb/wiki/Compaction}},
}